<record><leader>00000cas a2200000 a 4500</leader><controlfield tag="001">18220160</controlfield><controlfield tag="008">880715d19211925iluwr ne      0    0eng c</controlfield><datafield ind1=" " ind2=" " tag="010"><subfield code="a">sn 97063641 </subfield></datafield><datafield ind1=" " ind2=" " tag="040"><subfield code="a">OBE</subfield><subfield code="b">eng</subfield><subfield code="c">OBE</subfield><subfield code="d">NYS</subfield><subfield code="d">OCLCQ</subfield><subfield code="d">KRTAS</subfield><subfield code="d">OCLCQ</subfield><subfield code="d">OCLCF</subfield><subfield code="d">OCLCO</subfield></datafield><datafield ind1="1" ind2=" " tag="029"><subfield code="a">AU@</subfield><subfield code="b">000041143733</subfield></datafield><datafield ind1=" " ind2=" " tag="042"><subfield code="a">pcc</subfield></datafield><datafield ind1=" " ind2=" " tag="043"><subfield code="a">n-us-il</subfield></datafield><datafield ind1=" " ind2=" " tag="092"><subfield code="a">331.05</subfield><subfield code="b">L113</subfield></datafield><datafield ind1="0" ind2="4" tag="245"><subfield code="a">The Federated Press bulletin.</subfield></datafield><datafield ind1=" " ind2=" " tag="260"><subfield code="a">Chicago :</subfield><subfield code="b">Federated Press League,</subfield><subfield code="c">-1925.</subfield></datafield><datafield ind1=" " ind2=" " tag="300"><subfield code="a">v.</subfield></datafield><datafield ind1=" " ind2=" " tag="310"><subfield code="a">Weekly</subfield></datafield><datafield ind1="1" ind2=" " tag="362"><subfield code="a">Began in 1921.</subfield></datafield><datafield ind1="0" ind2=" " tag="362"><subfield code="a">-v. 8, no. 18 (Jan. 31, 1925).</subfield></datafield><datafield ind1=" " ind2=" " tag="500"><subfield code="a">Official organ of the Federated Press League.</subfield></datafield><datafield ind1=" " ind2=" " tag="515"><subfield code="a">Numbering is irregular.</subfield></datafield><datafield ind1=" " ind2="0" tag="650"><subfield code="a">Labor</subfield><subfield code="z">Illinois</subfield><subfield code="v">Newspapers.</subfield></datafield><datafield ind1=" " ind2="0" tag="651"><subfield code="a">Chicago (Ill.)</subfield><subfield code="v">Newspapers.</subfield></datafield><datafield ind1=" " ind2="0" tag="651"><subfield code="a">Cook County (Ill.)</subfield><subfield code="v">Newspapers.</subfield></datafield><datafield ind1=" " ind2="7" tag="655"><subfield code="a">Newspapers.</subfield><subfield code="2">fast</subfield><subfield code="0">(OCoLC)fst01423814</subfield></datafield><datafield ind1=" " ind2="7" tag="650"><subfield code="a">Labor.</subfield><subfield code="2">fast</subfield><subfield code="0">(OCoLC)fst00989798</subfield></datafield><datafield ind1=" " ind2="7" tag="651"><subfield code="a">Illinois.</subfield><subfield code="2">fast</subfield><subfield code="0">(OCoLC)fst01205143</subfield></datafield><datafield ind1=" " ind2="7" tag="651"><subfield code="a">Illinois</subfield><subfield code="z">Chicago.</subfield><subfield code="2">fast</subfield><subfield code="0">(OCoLC)fst01204048</subfield></datafield><datafield ind1=" " ind2="7" tag="651"><subfield code="a">Illinois</subfield><subfield code="z">Cook County.</subfield><subfield code="2">fast</subfield><subfield code="0">(OCoLC)fst01205334</subfield></datafield><datafield ind1=" " ind2=" " tag="752"><subfield code="a">United States</subfield><subfield code="b">Illinois</subfield><subfield code="c">Cook</subfield><subfield code="d">Chicago.</subfield></datafield><datafield ind1="0" ind2="0" tag="785"><subfield code="t">Federated Press labor letter</subfield><subfield code="w">(OCoLC)11026044</subfield></datafield><datafield ind1=" " ind2=" " tag="938"><subfield code="a">Kirtas Technologies, Inc.</subfield><subfield code="b">KRTS</subfield><subfield code="n">847170</subfield></datafield></record>